<record><leader>00000cas a22000007a 4500</leader><controlfield tag="001">20763666</controlfield><controlfield tag="008">891211c19699999ohudn ne      0    0eng d</controlfield><datafield ind1=" " ind2=" " tag="010"><subfield code="a">sn 89075219 </subfield></datafield><datafield ind1=" " ind2=" " tag="040"><subfield code="a">ONP</subfield><subfield code="b">eng</subfield><subfield code="c">ONP</subfield><subfield code="d">OCLCQ</subfield><subfield code="d">CUS</subfield><subfield code="d">OCLCQ</subfield><subfield code="d">OCLCF</subfield></datafield><datafield ind1=" " ind2=" " tag="042"><subfield code="a">msc</subfield></datafield><datafield ind1=" " ind2=" " tag="043"><subfield code="a">n-us-oh</subfield></datafield><datafield ind1="0" ind2=" " tag="130"><subfield code="a">News herald (Port Clinton, Ohio)</subfield></datafield><datafield ind1="1" ind2="0" tag="245"><subfield code="a">News herald.</subfield></datafield><datafield ind1=" " ind2=" " tag="260"><subfield code="a">Port Clinton-Oak Harbor, Ohio :</subfield><subfield code="b">News Herald Pub. Co.,</subfield><subfield code="c">1969-</subfield></datafield><datafield ind1=" " ind2=" " tag="300"><subfield code="a">v.</subfield></datafield><datafield ind1=" " ind2=" " tag="310"><subfield code="a">Daily (except holidays)</subfield></datafield><datafield ind1="0" ind2=" " tag="362"><subfield code="a">103rd year, no. 228 (June 2, 1969)-</subfield></datafield><datafield ind1=" " ind2="0" tag="651"><subfield code="a">Port Clinton (Ohio)</subfield><subfield code="v">Newspapers.</subfield></datafield><datafield ind1=" " ind2="0" tag="651"><subfield code="a">Oak Harbor (Ohio)</subfield><subfield code="v">Newspapers.</subfield></datafield><datafield ind1=" " ind2="0" tag="651"><subfield code="a">Ottawa County (Ohio)</subfield><subfield code="v">Newspapers.</subfield></datafield><datafield ind1=" " ind2="7" tag="655"><subfield code="a">Newspapers.</subfield><subfield code="2">fast</subfield><subfield code="0">(OCoLC)fst01423814</subfield></datafield><datafield ind1=" " ind2="7" tag="651"><subfield code="a">Ohio</subfield><subfield code="z">Oak Harbor.</subfield><subfield code="2">fast</subfield><subfield code="0">(OCoLC)fst01235459</subfield></datafield><datafield ind1=" " ind2="7" tag="651"><subfield code="a">Ohio</subfield><subfield code="z">Ottawa County.</subfield><subfield code="2">fast</subfield><subfield code="0">(OCoLC)fst01221051</subfield></datafield><datafield ind1=" " ind2="7" tag="651"><subfield code="a">Ohio</subfield><subfield code="z">Port Clinton.</subfield><subfield code="2">fast</subfield><subfield code="0">(OCoLC)fst01222885</subfield></datafield><datafield ind1=" " ind2=" " tag="752"><subfield code="a">United States</subfield><subfield code="b">Ohio</subfield><subfield code="c">Ottawa</subfield><subfield code="d">Port Clinton.</subfield></datafield><datafield ind1=" " ind2=" " tag="752"><subfield code="a">United States</subfield><subfield code="b">Ohio</subfield><subfield code="c">Ottawa</subfield><subfield code="d">Oak Harbor.</subfield></datafield><datafield ind1="0" ind2="8" tag="776"><subfield code="i">Online version:</subfield><subfield code="t">News herald (Port Clinton, Ohio : Online)</subfield><subfield code="w">(OCoLC)52578488</subfield></datafield><datafield ind1="0" ind2="4" tag="780"><subfield code="t">Daily news (Port Clinton, Ohio)</subfield><subfield code="w">(DLC)sn 89075280</subfield></datafield><datafield ind1="0" ind2="4" tag="780"><subfield code="t">Port Clinton herald</subfield><subfield code="w">(DLC)sn 87076747</subfield></datafield></record>